2994 5018
521 418 584 487 TO
609 420 708 485 THE
733 422 869 489 ODES.

183 716 440 784 EXTRACTS
472 718 607 785 FROM
640 721 741 785 THE
774 720 1058 787 SUETONIAN
1091 725 1202 789 LIFE

540 860 603 926 OF
635 860 847 928 HORACE.

468 1025 628 1085 Maecenas’
649 1028 824 1106 regardsor
844 1028 911 1086 Irr'rn.

158 1149 323 1210 Maecenas
337 1163 516 1228 quantopere
533 1168 600 1209 eum
620 1150 751 1209 dilexerit
770 1139 839 1209 satis
856 1160 1035 1210 monstratur
1053 1150 1102 1210 illo
1122 1151 1266 1228 epigram-

116 1261 211 1310 mate.
412 1329 463 1378 ‘ru
480 1335 504 1378 te
520 1328 654 1378 visceribus
670 1328 733 1378 meu
750 1328 842 1378 noras

428 1395 488 1443 Plus
504 1394 554 1443 iam
571 1393 659 1458 diligo,
678 1399 704 1441 tu
721 1402 790 1442 tuum
807 1393 919 1444 sodalem

428 1460 523 1509 Ninnio
539 1459 624 1509 videas
641 1457 841 1524 strigosiorem;'

115 1579 167 1638 sed
186 1579 389 1655 multomagis
409 1578 543 1636 extremis
562 1576 673 1636 iudiciis
692 1577 741 1635 tali
759 1576 797 1635 ad
816 1577 981 1654 Augustum
1001 1577 1114 1655 elogio:
1143 1577 1266 1638 ‘Horati

115 1677 220 1749 Flacci,
234 1687 266 1736 ut
280 1678 347 1747 mei,
362 1689 426 1736 esto
440 1672 571 1735 memor!

227 1861 383 1941 Augustus’
404 1864 473 1942 offlr
493 1870 520 1921 to
540 1864 598 1921 lirin
620 1863 658 1940 aff
670 1863 714 1922 the
728 1869 795 1938 post
812 1865 850 1941 ff
863 1863 985 1921 Prtirule
999 1861 1154 1940 Secrelary.

155 1987 305 2065 Augustus
325 1986 509 2064 epistolarum
529 2004 648 2063 quoque
669 1987 695 2045 ei
716 1986 844 2047 officium
863 1986 976 2058 obtulit,
994 2001 1024 2046 ut
1045 1988 1101 2047 hoc
1122 1989 1159 2047 ad
1181 1987 1265 2047 Mae-

114 2098 246 2146 cenatem
261 2087 368 2163 scripto
387 2085 545 2162 significat:
566 2086 661 2143 ‘Ante
680 2085 742 2161 ipse
762 2085 940 2144 sufficiebam
959 2086 1118 2145 scribendis
1136 2085 1265 2162 epistolis

112 2184 289 2243 amicorum:
313 2202 391 2242 nunc
412 2183 650 2260 occupatissimus
669 2192 697 2241 et
715 2183 845 2241 infirmus
865 2181 1022 2241 Horatium
1044 2196 1175 2243 nostrum
1197 2203 1215 2242 a
1236 2195 1264 2244 te

113 2284 202 2359 cupio
230 2283 382 2341 abducere.
423 2281 529 2342 Veniet
557 2283 642 2358 igitur
665 2283 703 2340 ab
732 2281 785 2340 ista
810 2282 962 2358 parasitica
990 2300 1092 2341 mensa
1120 2282 1157 2341 ad
1185 2282 1262 2342 hanc

113 2384 230 2458 regiam,
256 2394 284 2440 et
309 2400 363 2440 nos
387 2381 417 2439 iu
440 2380 566 2457 epistolis
591 2381 750 2440 scribendis
773 2380 943 2485 adiuvabib'
978 2382 1022 2440 Ac
1050 2400 1088 2440 ne
1117 2382 1263 2441 recusanti

112 2481 231 2559 quidem
245 2491 294 2539 aut
307 2481 471 2540 succensuit
486 2480 641 2558 quicquam
656 2490 705 2538 aut
719 2479 874 2538 amicitiam
889 2497 972 2538 suam
987 2481 1115 2556 ingerere
1131 2481 1224 2540 desiit.

335 2673 480 2734 Exlrocls
489 2673 576 2752 from
597 2675 687 2731 letters
707 2675 746 2751 ‘s
758 2673 908 2748 Augustus
928 2679 954 2731 lo
975 2674 1042 2731 hant.

154 2797 260 2857 ‘Sume
279 2799 328 2857 tibi
349 2797 455 2875 aliquid
475 2798 543 2856 iuris
561 2797 640 2874 apud
658 2816 705 2856 me
719 2808 858 2873 tanquam
874 2798 897 2855 si
913 2797 1060 2856 convictor
1074 2796 1143 2855 mibi
1157 2797 1263 2857 lucris:

112 2909 189 2957 recte
209 2898 287 2955 enim
306 2906 335 2955 et
354 2915 415 2955 non
434 2908 542 2954 temere
562 2896 672 2965 leceris,
692 2895 831 2971 quoniam
853 2895 882 2953 id
903 2912 972 2954 usus
994 2895 1064 2953 mihi
1085 2906 1181 2954 tecum
1199 2914 1263 2955 esse

111 2997 186 3057 volui
201 2997 224 3053 si
238 3015 290 3073 per
304 2995 494 3054 valetudinem
510 3006 590 3052 tuam
606 2994 666 3052 fieri
680 2992 789 3070 possit!

151 3092 227 3152 ‘Tui
242 3093 358 3170 qualem
373 3092 497 3151 habeam
512 3093 684 3151 memoriam
699 3093 807 3168 poteris
821 3110 857 3150 ex
875 3090 1014 3169 Septimio
1028 3110 1147 3169 quoque
1163 3106 1262 3153 nostro

109 3193 225 3251 audire:
248 3210 316 3250 nam
331 3191 431 3250 incidit
445 3199 477 3248 ut
491 3190 539 3248 illo
554 3207 654 3249 coram
672 3190 751 3248 fieret
769 3208 787 3248 a
805 3208 853 3249 me
874 3192 915 3249 tui
932 3191 1061 3249 mentio:
1084 3209 1178 3266 neque
1193 3193 1216 3250 si
1231 3204 1262 3250 tu

109 3291 251 3366 superbus
275 3290 430 3349 amicitiam
455 3298 584 3346 nostram
609 3288 737 3365 sprevisti
767 3289 834 3348 ideo
859 3307 913 3347 nos
937 3307 1056 3366 quoque
1080 3290 1261 3364 ἀνθυπερφρο-

108 3387 216 3460 νοῦμινῖ

150 3486 286 3546 ‘Pertulit
321 3485 359 3544 ad
393 3504 441 3544 me
473 3484 633 3561 Dionysius
668 3484 795 3543 libellum
830 3494 921 3556 tuum,
951 3503 1039 3560 quem
1068 3502 1134 3560 ego,
1163 3495 1194 3542 ut
1223 3503 1261 3544 ne

107 3603 245 3645 accusem
280 3585 457 3650 brevitatem,
486 3583 759 3660 quantuluscunque
794 3594 846 3654 est,
874 3584 944 3642 boni
979 3583 1110 3642 consulo.
1160 3582 1261 3642 Vereri

108 3693 206 3743 autem
228 3682 297 3740 mihi
317 3682 421 3740 videris
443 3700 479 3740 ne
501 3682 626 3740 maiores
646 3681 733 3739 libelli
754 3682 795 3738 tui
815 3683 873 3739 sint
891 3699 980 3756 quarn
1000 3683 1062 3757 ipse
1080 3698 1121 3738 es.
1164 3679 1222 3740 Sed
1237 3682 1262 3740 si

108 3793 219 3839 statura
244 3780 331 3850 deest,
356 3779 559 3855 corpusculum
585 3797 646 3837 non
672 3778 760 3837 deest.
804 3778 907 3854 Itaque
932 3778 1028 3836 licebit
1052 3778 1082 3835 in
1108 3779 1262 3839 sextariolo

107 3880 226 3952 scribas,
247 3888 278 3936 ut
298 3878 433 3937 circuitus
451 3876 605 3936 voluminis
625 3877 664 3934 tui
686 3877 721 3934 sit
741 3877 934 3951 ὄγκωδέστατος
954 3875 1027 3936 sicut
1048 3888 1093 3935 est
1112 3877 1262 3936 ventriculi

107 3978 168 4035 tui!
211 3977 267 4054 Cp.
284 3977 356 4036 Hor.
371 3977 447 4052 Epp.
468 3994 490 4032 t.
507 3995 533 4047 4.
553 3995 599 4047 14,
618 3994 642 4033 1.
660 3992 706 4032 ao.
723 3994 770 4046 24.

144 4168 202 4227 sse
224 4166 409 4243 Composittbn
431 4167 468 4244 (γ’
480 4168 524 4224 the
547 4165 646 4225 Cam.
670 4164 758 4235 Sacc.¹
781 4164 860 4224 Book
881 4166 936 4224 IV
950 4167 988 4244 of
999 4167 1044 4225 tlte
1067 4167 1147 4240 Odes,
1170 4170 1231 4226 and

508 4288 587 4348 Boot
608 4288 651 4346 II
666 4290 705 4367 ιγ
718 4290 762 4348 the
781 4288 857 4367 Epp.

148 4416 260 4493 Scripta
276 4414 338 4474 eius
356 4431 448 4490 usque
468 4413 543 4472 adeo
565 4413 696 4489 probavit
712 4407 891 4493 [Augustus]
906 4431 1102 4492 mansuraque
1119 4427 1261 4492 perpetuo

105 4517 243 4595 opinatus
256 4525 301 4574 est
315 4524 346 4573 ut
360 4529 421 4571 nou
436 4511 528 4571 modo
543 4510 690 4570 saeculare
704 4529 823 4571 carmen
841 4513 1081 4588 componendum
1097 4514 1260 4588 iniunxerit

150 4627 233 4680 vob.
249 4626 272 4676 1.
665 4623 687 4672 C
