2994 5018
169 385 234 451 340
452 361 822 429 INTRODUCTION
847 360 910 426 TO
933 360 1035 426 THE

346 602 475 663 Account
493 600 531 684 qs
542 601 586 660 the
608 599 779 660 Ceremom'es
787 600 875 680 from
895 600 1028 660 Zosimus
1048 597 1090 680 (α.
1107 597 1148 679 5).

212 742 356 803 Τοιοῦτος
371 733 404 800 δέ
416 759 462 801 τις
478 735 495 798 ό
509 733 619 817 τρόπος
635 732 857 817 ἀναγέγραπται
872 736 926 813 τῆς
942 736 1055 816 έορτῆς.
1100 733 1278 815 Περιῖόντες
1293 733 1320 796 οῖ

171 847 294 932 κήρυκες
309 849 353 914 είς
374 847 429 927 τὴν
452 845 559 928 έορτῆν
580 846 714 910 συνιέναι
737 844 853 913 πάντας
875 846 1017 912 ἐκέλευον
1034 847 1085 911 ἐπὶ
1106 847 1188 924 θέαν,
1201 843 1240 924 ῆν
1255 844 1320 909 οῦτε

170 962 315 1043 πρότερον
330 959 417 1038 εἶδον,
432 957 500 1023 οῦτε
515 956 591 1039 μετὰ
603 961 695 1021 ταῦτα
714 956 877 1023 θεάσονται
890 955 912 1025 ¹.
956 960 1042 1022 Κατά
1057 959 1090 1023 δὲ
1104 958 1160 1038 τῆν
1175 958 1257 1038 ὤραν
1271 960 1322 1020 τοῦ

171 1072 284 1155 θέρους,
300 1077 358 1154 πρὸ
372 1071 491 1153 ῆμερῶν
506 1070 619 1153 ἀλίγων
635 1074 687 1134 τοῦ
702 1070 756 1150 τῆν
772 1072 899 1153 θεωρίαν
914 1071 1054 1154 ἀχθῆναι,
1069 1071 1103 1136 έν
1119 1069 1164 1155 τῷ
1178 1075 1321 1134 Καπετω·

171 1186 227 1270 λίιρ
254 1184 303 1248 καὶ
326 1185 360 1248 έν
382 1182 424 1268 τῷ
444 1183 502 1268 νειῆ
520 1184 562 1268 τῷ
583 1183 657 1246 κατὰ
679 1183 713 1247 τὸ
735 1181 893 1248 Παλάτιον
914 1184 943 1246 οί
962 1180 1123 1247 δεκαπέντε
1144 1181 1253 1265 άνδρες
1274 1179 1345 1247 έπῖ5

170 1296 308 1378 βήματος
320 1293 481 1377 καθήμεναι
496 1297 536 1380 τῷ
552 1293 634 1378 δήμῳ
650 1293 827 1375 διανέμουσι
842 1293 902 1358 ηδ’
918 1292 1075 1376 καθάρσια·
1097 1299 1191 1358 ταῦτα
1206 1292 1241 1358 δέ
1257 1297 1322 1359 έστι

171 1410 258 1494 δᾷδες
271 1407 319 1472 καὶ
332 1412 414 1473 θεῖον
431 1408 480 1471 καὶ
495 1406 667 1488 άσφαλτος·
690 1411 793 1471 δοῦλοι
811 1407 844 1470 δέ
859 1406 974 1471 τούτων
990 1407 1025 1472 οῦ
1038 1405 1229 1489 μετέχουσιν,
1242 1405 1322 1469 ἀλλά

172 1521 324 1601 ἐλεύθεροι
333 1520 430 1598 μόνοι.
475 1520 724 1585 Συνελθόντοςδέ
739 1524 792 1583 τοῦ
807 1516 902 1599 δῆμον
917 1524 1028 1585 παντός
1043 1519 1077 1584 έν
1086 1544 1119 1582 τε
1130 1522 1194 1585 ταῖς
1204 1520 1322 1601 ῥηθεῖσι

170 1635 275 1699 τόποις
303 1632 352 1695 καὶ
376 1632 410 1696 έν
435 1633 477 1717 τῷ
504 1629 574 1715 ίερῷ
592 1633 646 1709 τῆς
661 1628 844 1712 Ἀρτέμιδος,
871 1628 888 1693 δ
915 1631 949 1695 έν
971 1628 1015 1715 tq?
1031 1630 1210 1714 Ἀουεντίνιρ
1233 1630 1322 1715 λόφιρ

172 1747 349 1827 καθίδρυται,
371 1747 458 1808 σῖτον
482 1739 531 1807 καὶ
552 1743 657 1823 κριθὴν
679 1742 807 1809 ἕκαστος
828 1741 914 1826 φέρει
932 1739 981 1807 καί
996 1742 1109 1821 κύαμον
1118 1742 1140 1809 ³.
1185 1741 1245 1807 Καὶ
1260 1749 1323 1810 ταῖς
1335 1763 1361 1799 10

171 1858 303 1939 Μοίραις
313 1856 422 1937 άγονσι
437 1856 620 1939 παννυχιδας
634 1853 710 1936 μετά
726 1857 908 1936 σεμνότητος
924 1858 956 1920 έν
971 1852 1073 1940 (έννέα
1084 1853 1219 1940 Heyne)
1231 1855 1322 1935 νυξίν.

171 1968 355 2036 Ἐνστάντος
371 1971 403 2033 δὲ
419 1972 471 2032 τοῦ
486 1968 598 2052 χρόνον
613 1971 666 2046 τῆς
685 1971 796 2048 ἑορτῆς,
811 1965 849 2047 ῆν
864 1969 898 2034 έν
914 1969 1013 2049 τρισὶν
1027 1966 1150 2049 ἡμέραις
1165 1969 1199 2032 έν
1215 1971 1256 2053 τῷ
1272 1973 1323 2031 τοῦ

167 2081 284 2163 Ἀρεως
298 2082 474 2144 ἐπιτελοῦσι
490 2080 593 2164 πεδίῳ,
617 2081 665 2144 καὶ
687 2084 754 2146 ταῖς
774 2082 858 2146 ίσαις
876 2077 952 2158 νυξί,
973 2083 1146 2160 καθιεροῦτο
1160 2078 1200 2144 τά
1218 2080 1322 2163 τελοῦ-

170 2220 247 2276 μενα
270 2194 352 2275 παρά
374 2192 428 2271 τῆν
456 2193 551 2276 ὄχθην
577 2197 629 2256 τοῦ
656 2193 830 2274 Θόμβριδος
850 2193 884 2255 έν
904 2193 946 2278 τῆ
964 2190 1105 2272 Τάραντι.
1151 2191 1272 2257 Θύουσι
1291 2195 1322 2256 δὲ

172 2310 261 2384 θεοῖς,
293 2303 348 2369 Διδ
377 2306 425 2369 καὶ
447 2304 532 2389 Ἥρᾳ
559 2304 608 2368 καὶ
632 2303 809 2370 Ἀπόλλωνι
834 2299 882 2367 καί
904 2308 1001 2384 Λητοῖ
1023 2305 1071 2367 καὶ
1092 2301 1251 2386 Ἀρτέμιδι,
1275 2302 1358 2376 καῖῐς

172 2415 297 2501 προσέτι
308 2401 343 2500 γε
355 2419 486 2498 Μοίραις
502 2415 552 2482 καὶ
567 2419 752 2485 Είλειθυίαις
769 2419 817 2482 καὶ
834 2416 969 2499 Δήμητρι
985 2415 1131 2502 καῖἋιδῃ
1145 2414 1194 2482 καὶ
1206 2422 1322 2501 Περσε-

172 2534 262 2618 φόνῃ.
305 2531 353 2617 Τῇ
367 2535 401 2596 δὲ
417 2531 518 2617 πρώτῃ
533 2537 594 2595 τῶν
610 2534 742 2612 θεωριῶν
757 2526 839 2594 νυκτὶ
854 2528 991 2611 δευτέρας
1008 2531 1086 2610 ὥρας
1102 2531 1119 2593 ό
1134 2530 1324 2612 αὐτοκράτωρ

172 2644 223 2707 έπὶ
240 2643 296 2722 τὴν
317 2644 412 2726 ὄχθην
436 2646 489 2706 τοῦ
511 2647 646 2724 ποταμοῦ
668 2649 758 2724 τριῶν
779 2639 1090 2724 παρασκευασθέντων
1111 2648 1228 2722 βωμῶν
1246 2648 1324 2723 τρεῖς

172 2756 264 2837 άρνας
279 2755 342 2820 θῦει
358 2755 433 2834 μετὰ
449 2761 509 2821 τῶν
530 2754 693 2819 δεκαπέντε
715 2755 829 2836 ἀνδρῶν
848 2751 980 2820 καὶτοὺς
999 2754 1121 2835 βωμοὺς
1138 2754 1323 2835 καθαιμάξαι

173 2870 335 2932 όλοκαυτοῖ
348 2870 387 2930 τά
402 2867 526 2947 θύματα.
572 2869 879 2947 Κατασκευασθείσης
903 2870 936 2931 δὲ
959 2868 1071 2946 σκηνῆς
1093 2869 1181 2947 δίκην
1197 2868 1322 2951 θεάτρου
1334 2883 1358 2918 ²0

172 2986 260 3062 φῶτα
284 2978 446 3044 ἀνάπτεται
464 2978 522 3057 ,καὶ
546 2978 633 3060 πυρά,
660 2981 709 3043 καὶ
734 2981 826 3057 ὕμνος
851 2979 953 3063 ᾅδεται
978 2977 1086 3043 νεωστὶ
1109 2981 1322 3060 πεποιημένος,

172 3093 293 3172 θεωρίαι
308 3116 342 3155 τε
359 3092 546 3172 ἱεροπρεπεῖς
566 3091 701 3174 ἄγονται.
745 3093 926 3172 Κομίζονται
948 3095 981 3156 δὲ
1003 3094 1032 3155 οί
1053 3096 1145 3154 ταῦτα
1165 3097 1323 3159 ποιοῦντες

171 3207 282 3284 μισθὸν
293 3202 346 3268 τὰς
359 3203 498 3286 ἀπαρχὰς
512 3207 571 3266 τῶν
587 3208 717 3283 καρπῶν,
732 3204 819 3267 σίτου
839 3205 886 3268 καὶ
903 3207 1005 3285 κριθῆς
1022 3206 1071 3269 καὶ
1083 3203 1214 3286 κυάμων·
1239 3206 1322 3270 αῦται

171 3315 239 3399 γάρ,
255 3315 294 3380 ὦς
315 3314 429 3398 εἴρηταί
449 3339 512 3394 μοι,
533 3313 581 3378 καὶ
604 3314 645 3400 τῷ
667 3313 749 3402 δῆμιρ
772 3313 861 3380 παντὶ
884 3317 1083 3396 διανέμονται.
1127 3316 1175 3404 Τῇ
1198 3320 1232 3382 δὲ
1249 3316 1322 3398 μετὰ

172 3427 282 3507 ταύτην
302 3426 399 3512 ῆμέρςι
420 3428 463 3495 είς
482 3426 517 3491 τδ
540 3428 738 3492 Καπετώλιον
759 3427 929 3508 ἀναβάντες
952 3430 1102 3494 κάνταῦθα
1130 3428 1185 3496 τὰς
1208 3456 1322 3508 νενομι-
1335 3443 1356 3492 ²5

172 3539 285 3622 σμένας
305 3541 412 3607 θυσίας
433 3542 690 3624 προσαγαγόντες,
712 3540 851 3606 έντεῦθέν
871 3567 904 3605 τε
922 3539 972 3605 έπὶ
989 3547 1024 3605 τδ
1045 3541 1324 3622 κατεσκευασμένον

172 3653 296 3733 θέατρον
317 3652 459 3718 ἐλθόντες
480 3653 534 3718 τὰς
552 3651 677 3733 θεωρίας
695 3653 888 3716 ἐπιτελοῦσιν
908 3649 1084 3717 Ἀπόλλωνι
1099 3650 1149 3717 καὶ
1164 3652 1321 3735 Ἀρτέμιδι.

170 3766 216 3851 Τῆ
240 3767 273 3828 δὲ
294 3765 370 3842 μετὰ
392 3763 502 3840 ταύτην
523 3761 619 3847 ἡμέρα
641 3767 778 3844 γυναῖκες
802 3763 945 3842 ἐπίσημοι
969 3763 1044 3827 κατὰ
1066 3764 1123 3843 τῆν
1143 3765 1233 3846 ὥραν,
1250 3764 1323 3843 ῆνό

171 3879 309 3959 χρησμὸς
331 3877 545 3957 ὑπηγόρευσεν,
565 3875 610 3940 είς
631 3873 666 3937 τὸ
690 3875 886 3939 Καπετώλιον
909 3879 1110 3939 συνελθοῦσαι
1129 3876 1322 3941 λιτανεόουσι

171 3991 224 4049 τὸν
249 3985 320 4051 θεὸν
344 3987 392 4049 καὶ
414 3987 560 4064 ὑμνοῦσιν
583 3985 622 4053 ὡς
646 3984 739 4065 θέμις.
783 3984 901 4072 Ἡμέρα
924 3990 956 4052 δὲ
979 3988 1061 4075 τρίτῃ
1085 3990 1118 4052 έν
1136 3990 1176 4073 τῷ
1193 3991 1268 4052 κατὰ
1290 3993 1357 4053 τῦίο

172 4095 331 4161 Παλάτιον
346 4097 546 4163 Ἀπόλλωνος
563 4099 631 4182 ἱερῷ
648 4099 709 4178 τρὶς
725 4096 813 4163 έννέα
828 4104 933 4166 παῖδες
949 4101 1107 4180 έπιφανεῖς
1121 4103 1199 4182 μετά
1214 4101 1322 4182 παρθέ·

172 4235 232 4274 νων
246 4208 407 4286 τοσούτων,
430 4208 459 4272 οῖ
482 4208 592 4276 πάντες
614 4210 809 4291 ἀμφιθαλεῖς,
833 4213 907 4293 ὅπερ
930 4212 1022 4291 ἐστίν,
1046 4211 1235 4296 ἀμφοτέρους
1257 4214 1322 4279 τοῦς

205 4361 288 4413 ¹'l'his
296 4362 318 4412 is
327 4361 432 4425 literally
442 4363 506 4412 from
516 4363 557 4413 the
565 4364 721 4429 inscription,
805 4363 816 4393 ²
833 4364 864 4413 In
886 4365 928 4416 the
950 4366 1023 4417 inser.
1048 4366 1250 4431 ‘purgamenta’
1273 4367 1319 4418 and

171 4428 192 4477 if
208 4428 228 4477 it
248 4429 279 4478 be
298 4427 391 4492 rightly
407 4427 556 4491 completed,
573 4432 656 4492 ‘quod
675 4430 719 4481 tali
774 4430 944 4480 ‘suffimenta.'

171 4493 314 4558 spectaculo
327 4495 413 4559 [nemo
424 4493 514 4543 iterum
525 4494 650 4560 intersit].’
803 4497 877 4562 ⁸Cp.
890 4494 979 4562 Sibyll.
990 4512 1014 4549 v.
1028 4511 1067 4562 τη.
