2994 5018
395 404 601 472 CARMEN
625 403 933 471 SAECULARE.
1177 423 1236 489 341

88 581 190 660 γονεῖς
203 576 325 660 ἔχοντες
337 578 504 658 περιόντας,
515 578 625 654 ύμνους
640 576 746 660 ᾅδουσι
759 578 796 661 τῇ
808 601 842 641 τε
852 572 1015 655 Ἑλλήνων
1027 573 1075 641 καὶ
1086 573 1241 656 Ῥωμαίων

89 691 176 776 φωνῇ
193 691 241 754 καὶ
256 693 394 768 παιᾶνας,
410 689 447 754 δι’
462 691 504 753 ὧν
520 691 551 753 αί
567 691 625 753 ύτδ
640 687 800 768 Ῥωμαίοις
813 689 964 766 σώζονται
978 689 1094 755 πόλεις·
1116 688 1199 752 άλλα
1208 714 1241 755 τε

89 804 164 864 κατὰ
179 806 233 866 τδν
245 800 440 883 ὑφηγημένον
456 799 537 882 παρὰ
554 799 607 864 τοῦ
622 802 705 864 θείου
719 801 832 880 τρόπον
847 797 1019 879 ἐπράττετο,
1032 801 1075 864 ὧν
1087 803 1239 866 έπιτελον·

87 911 183 992 μένων
197 913 345 994 διέμεινεν
358 911 377 991 ἡ
394 913 472 998 άρχὴ
487 911 644 993 Ῥωμαίων
659 913 831 992 άλόβητος.
1061 952 1065 957 ·
1254 949 1285 999 35

130 1024 188 1094 Ὡς
199 1025 238 1092 δν
251 1029 284 1090 δὲ
300 1026 349 1090 καὶ
365 1027 415 1090 έπὶ
430 1031 491 1090 τῶν
506 1024 689 1109 πραγμάτων
703 1026 803 1104 άληθῆ
818 1027 909 1088 ταῦτα
926 1022 1003 1088 εῖναι
1018 1024 1239 1105 πιστεύσωμεν,

87 1135 178 1202 αύτδν
187 1136 400 1220 παραθήσομαι
412 1137 465 1204 τὸν
481 1138 639 1219 Σιβύλλης
654 1138 805 1222 χρησμόν,
821 1136 877 1217 ἤδη
892 1136 950 1216 πρὸ
960 1136 1045 1217 ἡμῶν
1055 1136 1124 1219 παρ’
1134 1134 1241 1218 έτέρων

88 1251 298 1334 άυενηγμένον·

214 1393 302 1459 Ἀλλ’
324 1397 439 1462 ὁπόταν
458 1395 602 1478 μήκιστος
624 1397 673 1482 ίκῃ
695 1395 803 1479 χρόνος
826 1394 1012 1476 άνθριύποισι

218 1509 316 1586 Ζωῆς,
338 1509 382 1574 είς
404 1509 496 1574 έτέων
520 1511 627 1573 έκατδν
649 1507 720 1573 δέκα
744 1506 853 1572 κύκλον
876 1505 997 1579 ὁδεύων,

219 1618 367 1699 Μέμνησ’,
387 1616 411 1682 ὦ
432 1616 571 1700 Ῥωμαῖε,
596 1619 644 1683 καῖ
665 1619 699 1684 ού
720 1618 804 1695 μάλα
825 1617 936 1698 λήσεαι
957 1618 1053 1682 αὐτῶν

218 1734 401 1810 Μεμνῆσθαι
422 1731 494 1795 τάδε
514 1729 623 1797 πάντα.
668 1734 780 1796 Θεοῖσι
801 1733 858 1811 μὲν
880 1727 1058 1794 ἀθανάτοισι

214 1837 328 1919 Ῥέζειν
350 1844 383 1906 έν
405 1842 505 1926 Πεδίῳ
527 1841 608 1924 παρὰ
626 1842 803 1924 Θύμβριδος
823 1841 957 1906 ἄπλετον
977 1841 1064 1922 ὕδωρ,
1225 1867 1239 1916 5

213 1951 321 2040 Ὀππῃ
344 1954 548 2033 στεινότατον,
572 1953 642 2034 Νὺξ
660 1954 749 2034 ἡνίκα
772 1960 862 2037 γαῖαν
884 1952 1009 2038 ἐπέλθῃ,

217 2062 344 2130 Ἠελίου
368 2065 538 2149 κρύψαντας
559 2070 611 2132 έδν
632 2066 719 2148 φάος·
759 2065 832 2131 ἔνθα
855 2063 893 2128 σὺ
914 2063 1013 2148 ῥέζειν
1042 2048 1052 2064 “

216 2174 295 2258 Ἱερδ
316 2177 512 2259 τοντογόνοις
531 2179 661 2259 Μοίραις
683 2177 774 2259 ἄρνας
795 2200 829 2240 τε
852 2171 900 2240 καὶ
923 2175 1022 2259 αἶγας.

218 2287 353 2355 Κυανέας
375 2288 402 2354 δ’
424 2290 474 2354 έπὶ
496 2290 595 2354 ταῖσδ’
616 2290 788 2356 Εἰλειθυίας
807 2287 980 2370 άρέσασθαι

218 2402 423 2468 Παιδοτόκους
446 2401 599 2479 θυέεσσιν,
623 2402 683 2487 όπῃ
706 2398 801 2481 θέμις.
846 2399 922 2463 Αύθι
945 2401 978 2464 δέ
1001 2400 1076 2486 Γαίῃ
1210 2425 1241 2461 10

218 2511 402 2601 Πληθομένῃ
424 2513 529 2597 χοῖρός
550 2538 584 2578 τε
607 2514 656 2577 καὶ
677 2512 711 2579 ύς
734 2515 842 2594 ἱεροῖτο
863 2511 1003 2591 μέλαινα.

219 2625 368 2690 Ζάλευκοι
390 2629 492 2707 ταῦροι
514 2628 547 2690 δὲ
570 2625 644 2692 Διὸς
666 2623 747 2707 παρὰ
767 2629 875 2704 βωμὸν
896 2621 1038 2706 ἀγέσθων

216 2737 341 2817 Ἧματι,
363 2738 430 2817 μηδ’
453 2739 504 2803 έπὶ
526 2739 618 2803 νυκτί·
655 2742 754 2802 θεοῖσι
776 2739 835 2821 γδρ
857 2735 1024 2817 οὐρανίοισι

216 2846 362 2930 Ἡμέριος
383 2846 508 2913 πέλεται
531 2848 626 2913 θυέων
649 2849 767 2931 τρόπος·
803 2848 843 2914 δς
867 2850 900 2911 δέ
924 2841 972 2909 καὶ
993 2845 1089 2911 αθτως

216 2956 351 3042 Ἱρεύειν·
388 2958 523 3040 δαμάλης
545 2961 577 3023 δέ
597 2964 674 3040 βοδς
696 2957 787 3040 δέμας
810 2959 927 3041 άγλαδν
945 2955 1046 3036 Ἥρης
1210 2983 1239 3032 ¹5

219 3069 368 3150 Δεξάσθω
391 3070 462 3150 νηὸς
484 3073 565 3153 ταρδ
588 3075 652 3136 σεΰ.
699 3072 758 3135 Καὶ
780 3074 899 3144 Φοῖβος
921 3066 1094 3143 Ἀπόλλων,

213 3182 313 3247 Ὀστε
335 3184 384 3248 καὶ
406 3182 532 3250 Ἠέλιος
554 3181 760 3263 κικλήσκεται,
782 3183 837 3247 ῖσα
860 3180 992 3265 δεδέχθω

218 3295 346 3375 Θύματα
367 3293 522 3375 Λητοΐδης·
558 3296 607 3360 καὶ
629 3296 800 3377 άειδόμενοί
822 3321 854 3359 τε
878 3299 1001 3358 Λατῖνοι

219 3412 352 3475 Παιᾶνες
375 3407 492 3488 κούροις
514 3408 641 3495 κούρῃσί
658 3435 692 3474 τε
714 3407 787 3488 νηδν
810 3408 911 3491 έχοιεν

216 3516 400 3585 Ἀθανάτων·
434 3518 526 3603 χωρὶς
548 3525 582 3585 δὲ
604 3522 690 3601 κόραι
711 3520 805 3604 χορὸν
827 3516 914 3583 αὐτοὶ
937 3518 1039 3601 έχοιεν

217 3630 277 3695 Καὶ
299 3631 393 3715 χωρὶς
415 3634 531 3696 παίδων
553 3632 650 3712 άρσην
672 3631 794 3716 στάχυς,
817 3629 901 3693 ἀλλὰ
924 3627 1043 3710 γονήων

218 3741 349 3807 Πάντων
374 3744 518 3822 ζωόντων,
542 3746 589 3811 οῖς
610 3743 787 3826 άμφιθαλῆς
809 3744 854 3807 ἔτι
877 3742 988 3824 φύτλη.

218 3859 258 3920 Αἱ
281 3858 313 3921 δὲ
335 3854 432 3939 γάμου
454 3856 611 3939 ζεύγλαισι
634 3855 815 3936 δεδμημένοι
835 3854 925 3936 ἤματι
948 3855 1035 3940 κείνῳ

218 3966 298 4048 Γνδξ
312 3967 414 4051 Ἥρης
435 3971 516 4050 παρὰ
535 3974 642 4051 βωμὸν
664 3969 798 4050 ἀοίδιμον
820 3966 979 4049 έδριόωσαι

219 4080 357 4162 Δαίμονα
377 4079 609 4146 λισσέσθωσαν.
647 4078 768 4146 Ἀπασι
790 4083 824 4146 δέ
845 4080 963 4161 λύματα
985 4082 1088 4145 δοῦναι

217 4189 382 4275 Ἀνδράσιν
402 4192 456 4272 ἠδέ
478 4192 605 4277 γυναιξί,
626 4193 819 4275 μάλισταδέ
841 4191 1033 4281 θηλυτέρῃσι.

218 4303 339 4371 Πάντες
361 4301 387 4369 δ’
410 4302 446 4383 ἐξ
465 4308 559 4370 οίκοιο
582 4305 749 4387 φερέσθων,
772 4305 856 4369 όσσα
877 4306 1008 4386 κομίζειν

219 4413 308 4480 ’Emi
331 4414 415 4497 θέμις
437 4420 593 4497 θνητοῖσιν
615 4416 837 4502 άπαρχομένοις
857 4415 985 4497 βιότοιο,

220 4528 356 4610 Δαίμοσι
376 4532 576 4614 μειλιχίοισιν
599 4528 753 4612 ίλάσματα
774 4531 824 4596 καὶ
845 4529 1034 4612 μακάρεσσιν
