<?xml version="1.0" encoding="UTF-8"?>
<!DOCTYPE html PUBLIC "-//W3C//DTD XHTML 1.0 Transitional//EN"
    "http://www.w3.org/TR/xhtml1/DTD/xhtml1-transitional.dtd">
<html xmlns="http://www.w3.org/1999/xhtml" xml:lang="en" lang="en">
 <head>
  <title>
</title>
<meta http-equiv="Content-Type" content="text/html;charset=utf-8" />
  <meta name='ocr-system' content='tesseract 3.04.00' />
  <meta name='ocr-capabilities' content='ocr_page ocr_carea ocr_par ocr_line ocrx_word'/>
</head>
<body>
  <div class='ocr_page' id='page_1' title='image "./quintihoratifla00wickgoog/quintihoratifla00wickgoog_0404.png"; bbox 0 0 2994 5018; ppageno 0'>
   <div class='ocr_carea' id='block_1_1' title="bbox 499 352 1283 441">
    <p class='ocr_par' dir='ltr' id='par_1_1' title="bbox 499 352 1283 441">
     <span class='ocr_line' id='line_1_1' title="bbox 499 352 1283 441; baseline 0.006 -26"><span class='ocrx_word' id='word_1_1' title='bbox 499 352 653 417; x_wconf 69' lang='lat' dir='ltr'><strong>ernau.</strong></span> <span class='ocrx_word' id='word_1_2' title='bbox 699 353 836 419; x_wconf 72' lang='lat' dir='ltr'><strong>upon.</strong></span> <span class='ocrx_word' id='word_1_3' title='bbox 863 371 912 418; x_wconf 86' lang='lat'><strong>12.</strong></span> <span class='ocrx_word' id='word_1_4' title='bbox 1219 358 1283 441; x_wconf 83' lang='lat'><strong>385</strong></span> 
     </span>
    </p>
   </div>
   <div class='ocr_carea' id='block_1_2' title="bbox 212 522 1282 920">
    <p class='ocr_par' dir='ltr' id='par_1_2' title="bbox 212 522 1282 920">
     <span class='ocr_line' id='line_1_2' title="bbox 262 522 1282 609; baseline 0.005 -23"><span class='ocrx_word' id='word_1_5' title='bbox 262 522 362 587; x_wconf 91' lang='lat' dir='ltr'>Unde</span> <span class='ocrx_word' id='word_1_6' title='bbox 384 525 542 608; x_wconf 85' lang='lat' dir='ltr'><strong>expedire</strong></span> <span class='ocrx_word' id='word_1_7' title='bbox 565 545 632 589; x_wconf 95' lang='lat' dir='ltr'><strong>non</strong></span> <span class='ocrx_word' id='word_1_8' title='bbox 655 526 837 590; x_wconf 89' lang='lat' dir='ltr'><strong>amicorum</strong></span> <span class='ocrx_word' id='word_1_9' title='bbox 860 537 985 609; x_wconf 84' lang='lat' dir='ltr'>queant</span> <span class='ocrx_word' id='word_1_10' title='bbox 1252 556 1282 606; x_wconf 83' lang='lat'><strong>²5</strong></span> 
     </span>
     <span class='ocr_line' id='line_1_3' title="bbox 305 626 1060 715; baseline 0.008 -26"><span class='ocrx_word' id='word_1_11' title='bbox 305 626 425 691; x_wconf 87' lang='lat' dir='ltr'><strong>Libera</strong></span> <span class='ocrx_word' id='word_1_12' title='bbox 448 630 586 693; x_wconf 89' lang='lat' dir='ltr'><strong>consilia</strong></span> <span class='ocrx_word' id='word_1_13' title='bbox 609 650 670 694; x_wconf 92' lang='lat' dir='ltr'><strong>nec</strong></span> <span class='ocrx_word' id='word_1_14' title='bbox 692 631 911 694; x_wconf 82' lang='lat' dir='ltr'><strong>contumeliae</strong></span> <span class='ocrx_word' id='word_1_15' title='bbox 933 652 1060 715; x_wconf 87' lang='lat' dir='ltr'><strong>graves,</strong></span> 
     </span>
     <span class='ocr_line' id='line_1_4' title="bbox 212 729 972 815; baseline 0.005 -22"><span class='ocrx_word' id='word_1_16' title='bbox 212 771 217 779; x_wconf 92' lang='lat'><em>-</em></span> <span class='ocrx_word' id='word_1_17' title='bbox 261 729 328 794; x_wconf 87' lang='lat' dir='ltr'><strong>Sed</strong></span> <span class='ocrx_word' id='word_1_18' title='bbox 351 731 434 794; x_wconf 89' lang='lat' dir='ltr'><strong>alius</strong></span> <span class='ocrx_word' id='word_1_19' title='bbox 457 734 556 797; x_wconf 84' lang='lat' dir='ltr'><strong>ardor</strong></span> <span class='ocrx_word' id='word_1_20' title='bbox 578 745 634 797; x_wconf 86' lang='lat' dir='ltr'><strong>aut</strong></span> <span class='ocrx_word' id='word_1_21' title='bbox 658 734 788 815; x_wconf 82' lang='lat' dir='ltr'><strong>puellae</strong></span> <span class='ocrx_word' id='word_1_22' title='bbox 811 736 972 800; x_wconf 91' lang='lat' dir='ltr'><strong>candidae</strong></span> 
     </span>
     <span class='ocr_line' id='line_1_5' title="bbox 303 833 1158 920; baseline 0.006 -23"><span class='ocrx_word' id='word_1_23' title='bbox 303 833 376 898; x_wconf 90' lang='lat' dir='ltr'><strong>Aut</strong></span> <span class='ocrx_word' id='word_1_24' title='bbox 399 837 511 900; x_wconf 88' lang='lat' dir='ltr'><strong>teretis</strong></span> <span class='ocrx_word' id='word_1_25' title='bbox 533 837 625 920; x_wconf 89' lang='lat' dir='ltr'><strong>pueri</strong></span> <span class='ocrx_word' id='word_1_26' title='bbox 646 837 779 920; x_wconf 87' lang='lat' dir='ltr'><strong>longam</strong></span> <span class='ocrx_word' id='word_1_27' title='bbox 803 839 993 902; x_wconf 87' lang='lat' dir='ltr'><strong>renodantis</strong></span> <span class='ocrx_word' id='word_1_28' title='bbox 1015 859 1158 902; x_wconf 88' lang='lat' dir='ltr'><strong>comam.</strong></span> 
     </span>
    </p>
   </div>
   <div class='ocr_carea' id='block_1_3' title="bbox 458 977 951 1046">
    <p class='ocr_par' dir='ltr' id='par_1_3' title="bbox 458 977 951 1046">
     <span class='ocr_line' id='line_1_6' title="bbox 458 977 951 1046; baseline 0.008 -20"><span class='ocrx_word' id='word_1_29' title='bbox 458 977 495 1027; x_wconf 83' lang='lat'><strong>26.</strong></span> <span class='ocrx_word' id='word_1_30' title='bbox 513 982 612 1039; x_wconf 77' lang='lat' dir='ltr'><strong>libere,</strong></span> <span class='ocrx_word' id='word_1_31' title='bbox 625 979 678 1028; x_wconf 79' lang='lat' dir='ltr'><strong>‘ior</strong></span> <span class='ocrx_word' id='word_1_32' title='bbox 689 979 722 1029; x_wconf 85' lang='lat' dir='ltr'><strong>ali</strong></span> <span class='ocrx_word' id='word_1_33' title='bbox 736 979 800 1030; x_wconf 85' lang='lat' dir='ltr'><strong>their</strong></span> <span class='ocrx_word' id='word_1_34' title='bbox 811 980 951 1046; x_wconf 65' lang='lat' dir='ltr'><strong>pininness?</strong></span> 
     </span>
    </p>
   </div>
   <div class='ocr_carea' id='block_1_4' title="bbox 494 1227 914 1240">
    <p class='ocr_par' dir='ltr' id='par_1_4' title="bbox 494 1227 914 1240">
     <span class='ocr_line' id='line_1_7' title="bbox 494 1227 914 1240; baseline 0.012 -5"><span class='ocrx_word' id='word_1_35' title='bbox 494 1227 914 1240; x_wconf 74' lang='lat'>——.——</span> 
     </span>
    </p>
   </div>
   <div class='ocr_carea' id='block_1_5' title="bbox 533 1417 878 1493">
    <p class='ocr_par' dir='ltr' id='par_1_5' title="bbox 533 1417 878 1493">
     <span class='ocr_line' id='line_1_8' title="bbox 533 1417 878 1493; baseline 0.009 -3"><span class='ocrx_word' id='word_1_36' title='bbox 533 1417 737 1493; x_wconf 87' lang='lat' dir='ltr'><strong>EPODE</strong></span> <span class='ocrx_word' id='word_1_37' title='bbox 780 1420 878 1493; x_wconf 86' lang='lat' dir='ltr'><strong>XII.</strong></span> 
     </span>
    </p>
   </div>
   <div class='ocr_carea' id='block_1_6' title="bbox 561 1613 846 1663">
    <p class='ocr_par' dir='ltr' id='par_1_6' title="bbox 561 1613 846 1663">
     <span class='ocr_line' id='line_1_9' title="bbox 561 1613 846 1663; baseline 0.004 -2"><span class='ocrx_word' id='word_1_38' title='bbox 561 1613 846 1663; x_wconf 78' lang='lat' dir='ltr'><strong>Metre-Alcmm&#39;um.</strong></span> 
     </span>
    </p>
   </div>
   <div class='ocr_carea' id='block_1_7' title="bbox 172 1747 1273 4427">
    <p class='ocr_par' dir='ltr' id='par_1_7' title="bbox 216 1747 1117 1936">
     <span class='ocr_line' id='line_1_10' title="bbox 216 1747 1117 1832; baseline -0.001 -19"><span class='ocrx_word' id='word_1_39' title='bbox 216 1747 320 1831; x_wconf 82' lang='lat' dir='ltr'>QUID</span> <span class='ocrx_word' id='word_1_40' title='bbox 343 1750 403 1813; x_wconf 90' lang='lat' dir='ltr'><strong>tibi</strong></span> <span class='ocrx_word' id='word_1_41' title='bbox 427 1750 487 1827; x_wconf 91' lang='lat' dir='ltr'><strong>vis,</strong></span> <span class='ocrx_word' id='word_1_42' title='bbox 510 1749 627 1813; x_wconf 92' lang='lat' dir='ltr'><strong>mulier</strong></span> <span class='ocrx_word' id='word_1_43' title='bbox 650 1749 752 1832; x_wconf 84' lang='lat' dir='ltr'><strong>nigris</strong></span> <span class='ocrx_word' id='word_1_44' title='bbox 774 1749 966 1831; x_wconf 85' lang='lat' dir='ltr'><strong>dignissima</strong></span> <span class='ocrx_word' id='word_1_45' title='bbox 989 1748 1117 1813; x_wconf 80' lang='lat' dir='ltr'><strong>barris?</strong></span> 
     </span>
     <span class='ocr_line' id='line_1_11' title="bbox 258 1852 912 1936; baseline -0.003 -20"><span class='ocrx_word' id='word_1_46' title='bbox 258 1853 400 1917; x_wconf 86' lang='lat' dir='ltr'>Munera</span> <span class='ocrx_word' id='word_1_47' title='bbox 423 1854 501 1936; x_wconf 93' lang='lat' dir='ltr'><strong>quid</strong></span> <span class='ocrx_word' id='word_1_48' title='bbox 526 1853 605 1916; x_wconf 92' lang='lat' dir='ltr'><strong>mihi</strong></span> <span class='ocrx_word' id='word_1_49' title='bbox 628 1853 750 1936; x_wconf 86' lang='lat' dir='ltr'><strong>quidve</strong></span> <span class='ocrx_word' id='word_1_50' title='bbox 773 1852 912 1916; x_wconf 89' lang='lat' dir='ltr'><strong>tabellas</strong></span> 
     </span>
    </p>

    <p class='ocr_par' dir='ltr' id='par_1_8' title="bbox 215 1955 1063 2144">
     <span class='ocr_line' id='line_1_12' title="bbox 215 1955 1063 2039; baseline 0.001 -20"><span class='ocrx_word' id='word_1_51' title='bbox 215 1955 323 2021; x_wconf 88' lang='lat' dir='ltr'><strong>Mittis</strong></span> <span class='ocrx_word' id='word_1_52' title='bbox 347 1978 406 2022; x_wconf 90' lang='lat' dir='ltr'><strong>nec</strong></span> <span class='ocrx_word' id='word_1_53' title='bbox 429 1957 525 2021; x_wconf 89' lang='lat' dir='ltr'><strong>firmo</strong></span> <span class='ocrx_word' id='word_1_54' title='bbox 549 1957 656 2021; x_wconf 91' lang='lat' dir='ltr'><strong>iuveni</strong></span> <span class='ocrx_word' id='word_1_55' title='bbox 680 1976 787 2039; x_wconf 87' lang='lat' dir='ltr'><strong>neque</strong></span> <span class='ocrx_word' id='word_1_56' title='bbox 809 1957 896 2020; x_wconf 86' lang='lat' dir='ltr'><strong>naris</strong></span> <span class='ocrx_word' id='word_1_57' title='bbox 918 1955 1063 2020; x_wconf 81' lang='lat' dir='ltr'><strong>obesae?</strong></span> 
     </span>
     <span class='ocr_line' id='line_1_13' title="bbox 257 2061 844 2144; baseline -0.005 -19"><span class='ocrx_word' id='word_1_58' title='bbox 257 2061 413 2144; x_wconf 88' lang='lat' dir='ltr'><strong>Namque</strong></span> <span class='ocrx_word' id='word_1_59' title='bbox 434 2063 587 2144; x_wconf 82' lang='lat' dir='ltr'>sagacius</span> <span class='ocrx_word' id='word_1_60' title='bbox 609 2081 693 2125; x_wconf 92' lang='lat' dir='ltr'><strong>unus</strong></span> <span class='ocrx_word' id='word_1_61' title='bbox 715 2062 844 2138; x_wconf 87' lang='lat' dir='ltr'><strong>odoror,</strong></span> 
     </span>
    </p>

    <p class='ocr_par' dir='ltr' id='par_1_9' title="bbox 216 2164 1121 2350">
     <span class='ocr_line' id='line_1_14' title="bbox 216 2164 1121 2248; baseline 0.002 -21"><span class='ocrx_word' id='word_1_62' title='bbox 216 2164 361 2248; x_wconf 90' lang='lat' dir='ltr'>Polypus</span> <span class='ocrx_word' id='word_1_63' title='bbox 383 2187 425 2230; x_wconf 93' lang='lat' dir='ltr'><strong>an</strong></span> <span class='ocrx_word' id='word_1_64' title='bbox 449 2166 559 2248; x_wconf 84' lang='lat' dir='ltr'><strong>gravis</strong></span> <span class='ocrx_word' id='word_1_65' title='bbox 582 2165 717 2229; x_wconf 86' lang='lat' dir='ltr'><strong>hirsutis</strong></span> <span class='ocrx_word' id='word_1_66' title='bbox 739 2166 838 2229; x_wconf 87' lang='lat' dir='ltr'>cubet</span> <span class='ocrx_word' id='word_1_67' title='bbox 861 2165 969 2229; x_wconf 86' lang='lat' dir='ltr'><strong>hircus</strong></span> <span class='ocrx_word' id='word_1_68' title='bbox 994 2165 1026 2228; x_wconf 91' lang='lat' dir='ltr'><strong>in</strong></span> <span class='ocrx_word' id='word_1_69' title='bbox 1049 2165 1121 2242; x_wconf 86' lang='lat' dir='ltr'><strong>alis,</strong></span> 
     </span>
     <span class='ocr_line' id='line_1_15' title="bbox 257 2267 876 2350; baseline -0.002 -19"><span class='ocrx_word' id='word_1_70' title='bbox 257 2267 368 2350; x_wconf 84' lang='lat' dir='ltr'><strong>Quam</strong></span> <span class='ocrx_word' id='word_1_71' title='bbox 390 2270 482 2333; x_wconf 90' lang='lat' dir='ltr'><strong>canis</strong></span> <span class='ocrx_word' id='word_1_72' title='bbox 505 2290 587 2346; x_wconf 90' lang='lat' dir='ltr'><strong>acer,</strong></span> <span class='ocrx_word' id='word_1_73' title='bbox 610 2269 665 2333; x_wconf 94' lang='lat' dir='ltr'><strong>ubi</strong></span> <span class='ocrx_word' id='word_1_74' title='bbox 690 2269 790 2333; x_wconf 83' lang='lat' dir='ltr'><strong>lateat</strong></span> <span class='ocrx_word' id='word_1_75' title='bbox 813 2289 876 2331; x_wconf 92' lang='lat' dir='ltr'><strong>sus.</strong></span> 
     </span>
    </p>

    <p class='ocr_par' dir='ltr' id='par_1_10' title="bbox 215 2369 1178 2561">
     <span class='ocr_line' id='line_1_16' title="bbox 215 2369 1178 2456; baseline -0.001 -22"><span class='ocrx_word' id='word_1_76' title='bbox 215 2369 281 2453; x_wconf 85' lang='lat' dir='ltr'><strong>Qui</strong></span> <span class='ocrx_word' id='word_1_77' title='bbox 304 2374 404 2436; x_wconf 92' lang='lat' dir='ltr'><strong>sudor</strong></span> <span class='ocrx_word' id='word_1_78' title='bbox 426 2373 520 2436; x_wconf 88' lang='lat' dir='ltr'><strong>vietis</strong></span> <span class='ocrx_word' id='word_1_79' title='bbox 543 2383 577 2437; x_wconf 88' lang='lat' dir='ltr'><strong>et</strong></span> <span class='ocrx_word' id='word_1_80' title='bbox 599 2393 699 2455; x_wconf 92' lang='lat' dir='ltr'><strong>quam</strong></span> <span class='ocrx_word' id='word_1_81' title='bbox 723 2373 829 2436; x_wconf 89' lang='lat' dir='ltr'><strong>malus</strong></span> <span class='ocrx_word' id='word_1_82' title='bbox 851 2373 997 2456; x_wconf 90' lang='lat' dir='ltr'><strong>undique</strong></span> <span class='ocrx_word' id='word_1_83' title='bbox 1021 2372 1178 2436; x_wconf 87' lang='lat' dir='ltr'><strong>membris</strong></span> 
     </span>
     <span class='ocr_line' id='line_1_17' title="bbox 256 2475 834 2561; baseline 0 -22"><span class='ocrx_word' id='word_1_84' title='bbox 256 2475 382 2540; x_wconf 87' lang='lat' dir='ltr'><strong>Crescit</strong></span> <span class='ocrx_word' id='word_1_85' title='bbox 405 2477 497 2552; x_wconf 86' lang='lat' dir='ltr'><strong>odor,</strong></span> <span class='ocrx_word' id='word_1_86' title='bbox 519 2497 593 2541; x_wconf 92' lang='lat' dir='ltr'><strong>cum</strong></span> <span class='ocrx_word' id='word_1_87' title='bbox 618 2497 703 2561; x_wconf 93' lang='lat' dir='ltr'><strong>pene</strong></span> <span class='ocrx_word' id='word_1_88' title='bbox 725 2477 834 2540; x_wconf 91' lang='lat' dir='ltr'><strong>soluto</strong></span> 
     </span>
    </p>

    <p class='ocr_par' dir='ltr' id='par_1_11' title="bbox 215 2578 1219 2766">
     <span class='ocr_line' id='line_1_18' title="bbox 215 2578 1219 2663; baseline 0 -22"><span class='ocrx_word' id='word_1_89' title='bbox 215 2578 416 2644; x_wconf 91' lang='lat' dir='ltr'><strong>Indomitam</strong></span> <span class='ocrx_word' id='word_1_90' title='bbox 440 2592 595 2663; x_wconf 85' lang='lat' dir='ltr'>properat</span> <span class='ocrx_word' id='word_1_91' title='bbox 618 2581 743 2644; x_wconf 88' lang='lat' dir='ltr'><strong>rabiem</strong></span> <span class='ocrx_word' id='word_1_92' title='bbox 767 2582 905 2654; x_wconf 85' lang='lat' dir='ltr'><strong>sedare3</strong></span> <span class='ocrx_word' id='word_1_93' title='bbox 936 2600 1044 2662; x_wconf 90' lang='lat' dir='ltr'><strong>neque</strong></span> <span class='ocrx_word' id='word_1_94' title='bbox 1066 2579 1112 2642; x_wconf 91' lang='lat' dir='ltr'><strong>illi</strong></span> <span class='ocrx_word' id='word_1_95' title='bbox 1216 2580 1219 2584; x_wconf 85' lang='grc'>’</span> 
     </span>
     <span class='ocr_line' id='line_1_19' title="bbox 258 2683 895 2766; baseline 0.003 -21"><span class='ocrx_word' id='word_1_96' title='bbox 258 2683 328 2746; x_wconf 87' lang='lat' dir='ltr'><strong>iam</strong></span> <span class='ocrx_word' id='word_1_97' title='bbox 353 2695 467 2749; x_wconf 88' lang='lat' dir='ltr'><strong>manet</strong></span> <span class='ocrx_word' id='word_1_98' title='bbox 490 2685 604 2748; x_wconf 90' lang='lat' dir='ltr'><strong>umida</strong></span> <span class='ocrx_word' id='word_1_99' title='bbox 625 2693 716 2749; x_wconf 89' lang='lat' dir='ltr'><strong>creta</strong></span> <span class='ocrx_word' id='word_1_100' title='bbox 738 2684 895 2766; x_wconf 87' lang='lat' dir='ltr'><strong>colorque</strong></span> 
     </span>
    </p>

    <p class='ocr_par' dir='ltr' id='par_1_12' title="bbox 214 2786 1032 2870">
     <span class='ocr_line' id='line_1_20' title="bbox 214 2786 1032 2870; baseline 0.005 -21"><span class='ocrx_word' id='word_1_101' title='bbox 214 2786 364 2851; x_wconf 86' lang='lat' dir='ltr'><strong>Stercore</strong></span> <span class='ocrx_word' id='word_1_102' title='bbox 388 2787 516 2853; x_wconf 80' lang='lat' dir='ltr'><strong>fucatus</strong></span> <span class='ocrx_word' id='word_1_103' title='bbox 537 2789 704 2865; x_wconf 87' lang='lat' dir='ltr'><strong>crocodili,</strong></span> <span class='ocrx_word' id='word_1_104' title='bbox 727 2789 860 2870; x_wconf 90' lang='lat' dir='ltr'><strong>iamque</strong></span> <span class='ocrx_word' id='word_1_105' title='bbox 880 2787 1032 2853; x_wconf 88' lang='lat' dir='ltr'><strong>subando</strong></span> 
     </span>
    </p>

    <p class='ocr_par' dir='ltr' id='par_1_13' title="bbox 200 2884 848 2975">
     <span class='ocr_line' id='line_1_21' title="bbox 200 2884 848 2975; baseline 0 -21"><span class='ocrx_word' id='word_1_106' title='bbox 200 2884 202 2888; x_wconf 44' lang='lat'>&#39;</span> <span class='ocrx_word' id='word_1_107' title='bbox 255 2891 362 2955; x_wconf 84' lang='lat' dir='ltr'><strong>Teuta</strong></span> <span class='ocrx_word' id='word_1_108' title='bbox 384 2893 507 2955; x_wconf 90' lang='lat' dir='ltr'><strong>cubilia</strong></span> <span class='ocrx_word' id='word_1_109' title='bbox 529 2902 683 2975; x_wconf 91' lang='lat' dir='ltr'><strong>tectaque</strong></span> <span class='ocrx_word' id='word_1_110' title='bbox 706 2892 848 2975; x_wconf 81' lang='lat' dir='ltr'><strong>rumpit!</strong></span> 
     </span>
    </p>

    <p class='ocr_par' dir='ltr' id='par_1_14' title="bbox 211 2993 1032 3183">
     <span class='ocr_line' id='line_1_22' title="bbox 211 2993 1032 3078; baseline 0.005 -22"><span class='ocrx_word' id='word_1_111' title='bbox 211 2993 274 3057; x_wconf 92' lang='lat' dir='ltr'><strong>Vel</strong></span> <span class='ocrx_word' id='word_1_112' title='bbox 298 3015 372 3058; x_wconf 91' lang='lat' dir='ltr'><strong>mea</strong></span> <span class='ocrx_word' id='word_1_113' title='bbox 394 3017 469 3061; x_wconf 92' lang='lat' dir='ltr'><strong>cum</strong></span> <span class='ocrx_word' id='word_1_114' title='bbox 492 2998 600 3060; x_wconf 88' lang='lat' dir='ltr'><strong>saevis</strong></span> <span class='ocrx_word' id='word_1_115' title='bbox 621 2997 727 3078; x_wconf 85' lang='lat' dir='ltr'><strong>agitat</strong></span> <span class='ocrx_word' id='word_1_116' title='bbox 751 2996 883 3062; x_wconf 81' lang='lat' dir='ltr'><strong>fastidia</strong></span> <span class='ocrx_word' id='word_1_117' title='bbox 905 2996 1032 3060; x_wconf 89' lang='lat' dir='ltr'><strong>verbis:</strong></span> 
     </span>
     <span class='ocr_line' id='line_1_23' title="bbox 257 3098 837 3183; baseline 0.009 -24"><span class='ocrx_word' id='word_1_118' title='bbox 257 3098 391 3163; x_wconf 88' lang='lat' dir='ltr'><strong>Inachia</strong></span> <span class='ocrx_word' id='word_1_119' title='bbox 414 3100 550 3183; x_wconf 85' lang='lat' dir='ltr'><strong>langues</strong></span> <span class='ocrx_word' id='word_1_120' title='bbox 572 3101 680 3165; x_wconf 89' lang='lat' dir='ltr'><strong>minus</strong></span> <span class='ocrx_word' id='word_1_121' title='bbox 702 3122 740 3167; x_wconf 87' lang='lat' dir='ltr'><strong>ac</strong></span> <span class='ocrx_word' id='word_1_122' title='bbox 763 3122 837 3179; x_wconf 87' lang='lat' dir='ltr'><strong>me;</strong></span> 
     </span>
    </p>

    <p class='ocr_par' dir='ltr' id='par_1_15' title="bbox 212 3202 1273 3391">
     <span class='ocr_line' id='line_1_24' title="bbox 212 3202 1273 3287; baseline 0.001 -21"><span class='ocrx_word' id='word_1_123' title='bbox 212 3202 383 3267; x_wconf 87' lang='lat' dir='ltr'><strong>Inachiam</strong></span> <span class='ocrx_word' id='word_1_124' title='bbox 408 3213 460 3267; x_wconf 87' lang='lat' dir='ltr'><strong>ter</strong></span> <span class='ocrx_word' id='word_1_125' title='bbox 481 3215 579 3267; x_wconf 90' lang='lat' dir='ltr'><strong>nocte</strong></span> <span class='ocrx_word' id='word_1_126' title='bbox 602 3216 709 3287; x_wconf 89' lang='lat' dir='ltr'><strong>potes,</strong></span> <span class='ocrx_word' id='word_1_127' title='bbox 733 3205 813 3269; x_wconf 91' lang='lat' dir='ltr'><strong>mihi</strong></span> <span class='ocrx_word' id='word_1_128' title='bbox 835 3224 966 3287; x_wconf 88' lang='lat' dir='ltr'><strong>semper</strong></span> <span class='ocrx_word' id='word_1_129' title='bbox 988 3205 1030 3268; x_wconf 93' lang='lat' dir='ltr'><strong>ad</strong></span> <span class='ocrx_word' id='word_1_130' title='bbox 1055 3224 1156 3267; x_wconf 91' lang='lat' dir='ltr'><strong>unum</strong></span> <span class='ocrx_word' id='word_1_131' title='bbox 1263 3231 1273 3244; x_wconf 94' lang='lat'><em>·</em></span> 
     </span>
     <span class='ocr_line' id='line_1_25' title="bbox 255 3305 929 3391; baseline 0.004 -22"><span class='ocrx_word' id='word_1_132' title='bbox 255 3305 368 3372; x_wconf 90' lang='lat' dir='ltr'><strong>Mollis</strong></span> <span class='ocrx_word' id='word_1_133' title='bbox 390 3328 482 3391; x_wconf 78' lang='lat' dir='ltr'><strong>opus,</strong></span> <span class='ocrx_word' id='word_1_134' title='bbox 529 3308 645 3372; x_wconf 88' lang='lat' dir='ltr'><strong>Pereat</strong></span> <span class='ocrx_word' id='word_1_135' title='bbox 668 3308 765 3386; x_wconf 89' lang='lat' dir='ltr'><strong>male,</strong></span> <span class='ocrx_word' id='word_1_136' title='bbox 788 3330 873 3391; x_wconf 89' lang='lat' dir='ltr'><strong>quae</strong></span> <span class='ocrx_word' id='word_1_137' title='bbox 897 3319 929 3372; x_wconf 86' lang='lat' dir='ltr'><strong>te</strong></span> 
     </span>
    </p>

    <p class='ocr_par' dir='ltr' id='par_1_16' title="bbox 213 3410 1072 3597">
     <span class='ocr_line' id='line_1_26' title="bbox 213 3410 1072 3494; baseline 0 -20"><span class='ocrx_word' id='word_1_138' title='bbox 213 3410 334 3475; x_wconf 90' lang='lat' dir='ltr'><strong>Lesbia</strong></span> <span class='ocrx_word' id='word_1_139' title='bbox 356 3413 527 3494; x_wconf 85' lang='lat' dir='ltr'><strong>quaerenti</strong></span> <span class='ocrx_word' id='word_1_140' title='bbox 550 3423 680 3475; x_wconf 87' lang='lat' dir='ltr'><strong>taurum</strong></span> <span class='ocrx_word' id='word_1_141' title='bbox 706 3414 900 3476; x_wconf 90' lang='lat' dir='ltr'><strong>monstravit</strong></span> <span class='ocrx_word' id='word_1_142' title='bbox 923 3412 1072 3488; x_wconf 84' lang='lat' dir='ltr'><strong>inertem,</strong></span> 
     </span>
     <span class='ocr_line' id='line_1_27' title="bbox 255 3513 914 3597; baseline 0.002 -20"><span class='ocrx_word' id='word_1_143' title='bbox 255 3513 341 3578; x_wconf 88' lang='lat' dir='ltr'><strong>Cum</strong></span> <span class='ocrx_word' id='word_1_144' title='bbox 365 3515 445 3578; x_wconf 92' lang='lat' dir='ltr'><strong>mihi</strong></span> <span class='ocrx_word' id='word_1_145' title='bbox 470 3515 560 3579; x_wconf 90' lang='lat' dir='ltr'><strong>Cous</strong></span> <span class='ocrx_word' id='word_1_146' title='bbox 582 3517 713 3579; x_wconf 90' lang='lat' dir='ltr'><strong>adesset</strong></span> <span class='ocrx_word' id='word_1_147' title='bbox 736 3515 914 3597; x_wconf 86' lang='lat' dir='ltr'><strong>Amyntas,</strong></span> 
     </span>
    </p>

    <p class='ocr_par' dir='ltr' id='par_1_17' title="bbox 212 3616 1078 3803">
     <span class='ocr_line' id='line_1_28' title="bbox 212 3616 1078 3702; baseline 0 -21"><span class='ocrx_word' id='word_1_148' title='bbox 212 3616 315 3681; x_wconf 90' lang='lat' dir='ltr'><strong>Cuius</strong></span> <span class='ocrx_word' id='word_1_149' title='bbox 338 3618 370 3680; x_wconf 95' lang='lat' dir='ltr'><strong>in</strong></span> <span class='ocrx_word' id='word_1_150' title='bbox 395 3619 557 3682; x_wconf 88' lang='lat' dir='ltr'><strong>indomito</strong></span> <span class='ocrx_word' id='word_1_151' title='bbox 580 3619 784 3683; x_wconf 88' lang='lat' dir='ltr'><strong>constantior</strong></span> <span class='ocrx_word' id='word_1_152' title='bbox 807 3620 938 3702; x_wconf 85' lang='lat' dir='ltr'><strong>inguine</strong></span> <span class='ocrx_word' id='word_1_153' title='bbox 961 3638 1078 3681; x_wconf 90' lang='lat' dir='ltr'><strong>nervus</strong></span> 
     </span>
     <span class='ocr_line' id='line_1_29' title="bbox 254 3719 931 3803; baseline 0 -19"><span class='ocrx_word' id='word_1_154' title='bbox 254 3719 365 3803; x_wconf 88' lang='lat' dir='ltr'><strong>Quam</strong></span> <span class='ocrx_word' id='word_1_155' title='bbox 388 3740 474 3784; x_wconf 90' lang='lat' dir='ltr'><strong>nova</strong></span> <span class='ocrx_word' id='word_1_156' title='bbox 496 3720 636 3785; x_wconf 83' lang='lat' dir='ltr'><strong>collibus</strong></span> <span class='ocrx_word' id='word_1_157' title='bbox 658 3722 755 3784; x_wconf 89' lang='lat' dir='ltr'><strong>arbor</strong></span> <span class='ocrx_word' id='word_1_158' title='bbox 778 3723 931 3784; x_wconf 84' lang='lat' dir='ltr'><strong>inhaeret.</strong></span> 
     </span>
    </p>

    <p class='ocr_par' dir='ltr' id='par_1_18' title="bbox 211 3824 950 4012">
     <span class='ocr_line' id='line_1_30' title="bbox 211 3824 950 3907; baseline 0 -20"><span class='ocrx_word' id='word_1_159' title='bbox 211 3824 394 3888; x_wconf 90' lang='lat' dir='ltr'><strong>Muricibus</strong></span> <span class='ocrx_word' id='word_1_160' title='bbox 416 3824 528 3907; x_wconf 84' lang='lat' dir='ltr'><strong>Tyriis</strong></span> <span class='ocrx_word' id='word_1_161' title='bbox 553 3825 691 3889; x_wconf 86' lang='lat' dir='ltr'><strong>iteratae</strong></span> <span class='ocrx_word' id='word_1_162' title='bbox 712 3824 833 3889; x_wconf 88' lang='lat' dir='ltr'><strong>vellera</strong></span> <span class='ocrx_word' id='word_1_163' title='bbox 855 3824 950 3888; x_wconf 89' lang='lat' dir='ltr'><strong>lanae</strong></span> 
     </span>
     <span class='ocr_line' id='line_1_31' title="bbox 254 3927 901 4012; baseline 0 -20"><span class='ocrx_word' id='word_1_164' title='bbox 254 3927 317 3992; x_wconf 86' lang='lat' dir='ltr'><strong>Cui</strong></span> <span class='ocrx_word' id='word_1_165' title='bbox 341 3929 629 4012; x_wconf 81' lang='lat' dir='ltr'><strong>properabantur?</strong></span> <span class='ocrx_word' id='word_1_166' title='bbox 674 3929 749 3993; x_wconf 87' lang='lat' dir='ltr'><strong>Tibi</strong></span> <span class='ocrx_word' id='word_1_167' title='bbox 773 3950 901 4012; x_wconf 87' lang='lat' dir='ltr'><strong>nempe.</strong></span> 
     </span>
    </p>

    <p class='ocr_par' dir='ltr' id='par_1_19' title="bbox 210 4029 1076 4116">
     <span class='ocr_line' id='line_1_32' title="bbox 210 4029 1076 4116; baseline 0 -21"><span class='ocrx_word' id='word_1_168' title='bbox 210 4031 264 4095; x_wconf 94' lang='lat' dir='ltr'><strong>Ne</strong></span> <span class='ocrx_word' id='word_1_169' title='bbox 286 4029 371 4095; x_wconf 84' lang='lat' dir='ltr'><strong>soret</strong></span> <span class='ocrx_word' id='word_1_170' title='bbox 393 4033 549 4114; x_wconf 89' lang='lat' dir='ltr'><strong>aequales</strong></span> <span class='ocrx_word' id='word_1_171' title='bbox 572 4034 658 4097; x_wconf 86' lang='lat' dir='ltr'><strong>inter</strong></span> <span class='ocrx_word' id='word_1_172' title='bbox 680 4033 828 4111; x_wconf 86' lang='lat' dir='ltr'><strong>conviva,</strong></span> <span class='ocrx_word' id='word_1_173' title='bbox 850 4033 954 4116; x_wconf 86' lang='lat' dir='ltr'><strong>magis</strong></span> <span class='ocrx_word' id='word_1_174' title='bbox 976 4052 1076 4114; x_wconf 91' lang='lat' dir='ltr'><strong>quem</strong></span> 
     </span>
    </p>

    <p class='ocr_par' dir='ltr' id='par_1_20' title="bbox 172 4134 827 4219">
     <span class='ocr_line' id='line_1_33' title="bbox 172 4134 827 4219; baseline 0.002 -21"><span class='ocrx_word' id='word_1_175' title='bbox 172 4206 174 4210; x_wconf 22' lang='lat'><strong>¹</strong></span> <span class='ocrx_word' id='word_1_176' title='bbox 254 4134 416 4216; x_wconf 84' lang='lat' dir='ltr'><strong>Diligeret</strong></span> <span class='ocrx_word' id='word_1_177' title='bbox 440 4136 556 4198; x_wconf 88' lang='lat' dir='ltr'><strong>mulier</strong></span> <span class='ocrx_word' id='word_1_178' title='bbox 578 4158 637 4200; x_wconf 91' lang='lat' dir='ltr'><strong>sua</strong></span> <span class='ocrx_word' id='word_1_179' title='bbox 659 4157 760 4219; x_wconf 91' lang='lat' dir='ltr'><strong>quam</strong></span> <span class='ocrx_word' id='word_1_180' title='bbox 784 4146 827 4199; x_wconf 87' lang='lat' dir='ltr'><strong>te.</strong></span> 
     </span>
    </p>

    <p class='ocr_par' dir='ltr' id='par_1_21' title="bbox 210 4236 1125 4323">
     <span class='ocr_line' id='line_1_34' title="bbox 210 4236 1125 4323; baseline 0.001 -22"><span class='ocrx_word' id='word_1_181' title='bbox 210 4236 241 4301; x_wconf 95' lang='lat'>0</span> <span class='ocrx_word' id='word_1_182' title='bbox 265 4260 330 4321; x_wconf 84' lang='lat' dir='ltr'><strong>ego</strong></span> <span class='ocrx_word' id='word_1_183' title='bbox 352 4260 417 4302; x_wconf 93' lang='lat' dir='ltr'><strong>non</strong></span> <span class='ocrx_word' id='word_1_184' title='bbox 443 4238 531 4316; x_wconf 81' lang='lat' dir='ltr'><strong>felix,</strong></span> <span class='ocrx_word' id='word_1_185' title='bbox 554 4260 654 4322; x_wconf 92' lang='lat' dir='ltr'><strong>quam</strong></span> <span class='ocrx_word' id='word_1_186' title='bbox 677 4250 714 4304; x_wconf 94' lang='lat' dir='ltr'><strong>tu</strong></span> <span class='ocrx_word' id='word_1_187' title='bbox 737 4239 832 4321; x_wconf 75' lang='lat' dir='ltr'><strong>sugiS,</strong></span> <span class='ocrx_word' id='word_1_188' title='bbox 855 4248 891 4302; x_wconf 91' lang='lat' dir='ltr'><strong>ut</strong></span> <span class='ocrx_word' id='word_1_189' title='bbox 914 4249 1012 4323; x_wconf 89' lang='lat' dir='ltr'><strong>pavet</strong></span> <span class='ocrx_word' id='word_1_190' title='bbox 1034 4259 1125 4304; x_wconf 90' lang='lat' dir='ltr'><strong>acres</strong></span> 
     </span>
    </p>

    <p class='ocr_par' dir='ltr' id='par_1_22' title="bbox 252 4340 849 4427">
     <span class='ocr_line' id='line_1_35' title="bbox 252 4340 849 4427; baseline -0.003 -22"><span class='ocrx_word' id='word_1_191' title='bbox 252 4340 354 4424; x_wconf 82' lang='lat' dir='ltr'><strong>Agna</strong></span> <span class='ocrx_word' id='word_1_192' title='bbox 378 4342 472 4424; x_wconf 88' lang='lat' dir='ltr'><strong>lupos</strong></span> <span class='ocrx_word' id='word_1_193' title='bbox 494 4363 698 4427; x_wconf 88' lang='lat' dir='ltr'><strong>capreaeque</strong></span> <span class='ocrx_word' id='word_1_194' title='bbox 722 4342 849 4406; x_wconf 84' lang='lat' dir='ltr'><strong>leonesi</strong></span> 
     </span>
    </p>
   </div>
   <div class='ocr_carea' id='block_1_8' title="bbox 165 4587 718 4638">
    <p class='ocr_par' dir='ltr' id='par_1_23' title="bbox 165 4587 718 4638">
     <span class='ocr_line' id='line_1_36' title="bbox 165 4587 718 4638; baseline 0.002 -1"><span class='ocrx_word' id='word_1_195' title='bbox 165 4587 248 4637; x_wconf 85' lang='lat' dir='ltr'><strong>VOL.</strong></span> <span class='ocrx_word' id='word_1_196' title='bbox 270 4587 294 4636; x_wconf 88' lang='lat'><strong>1.</strong></span> <span class='ocrx_word' id='word_1_197' title='bbox 664 4587 685 4638; x_wconf 92' lang='lat' dir='ltr'>C</span> <span class='ocrx_word' id='word_1_198' title='bbox 700 4596 718 4638; x_wconf 84' lang='lat' dir='ltr'>C</span> 
     </span>
    </p>
   </div>
   <div class='ocr_carea' id='block_1_9' title="bbox 0 0 1502 5018">
    <p class='ocr_par' dir='ltr' id='par_1_24' title="bbox 0 0 1502 5018">
     <span class='ocr_line' id='line_1_37' title="bbox 0 0 1502 5018; baseline 0 0"><span class='ocrx_word' id='word_1_199' title='bbox 0 0 1502 5018; x_wconf 95' lang='lat' dir='ltr'><strong> </strong></span> 
     </span>
    </p>
   </div>
  </div>
 </body>
</html>
